@article{romano,
	Author = {Fabiane Vieira ROMANO AND Nelson BACK AND Roberto de OLIVEIRA },
	Title = {A IMPORTÂNCIA DA MODELAGEM DO PROCESSO DE PROJETO PARA
O DESENVOLVIMENTO INTEGRADO DE EDIFICAÇÕES },
	Year = {2001},
	Adress = {São Paulo},
}
@manual{e01,
Author = {Rational Software Corporation},
Title = {Introdução à disciplina Análise e Design},
Year = {1987 - 2001 },
Url = {http://www.funpar.ufpr.br:8080/rup/process/workflow/ana_desi/in_and.htm},
}

@manual{e02,
Author = {Rational Software Corporation},
Title = {Análise e Design: Fluxo de Trabalho},
Year = {1987 - 2001 },
Url = {http://www.funpar.ufpr.br:8080/rup/process/workflow/ana_desi/wfd_and.htm},
}

@manual{e03,
Author = {Rational Software Corporation},
Title = {Decisões Importantes em Análise e Design},
Year = {1987 - 2001 },
Url = {http://www.wthreex.com/rup/process/modguide/md_idad.htm},
}

@manual{e04,
Author = {Rational Software Corporation},
Title = {Modelo de Dados},
Year = {1987 - 2001 },
Url = {http://www.wthreex.com/rup/process/modguide/md_datmd.htm},
}

@manual{e05,
Author = {Richards Adrion AND Martha Branstad AND John Cherniavsky},
Title = {Validation, Verification, and Testing of Computer Software},
Year = {1982},
Url = {https://www.cs.drexel.edu/~jhk39/teaching/cs576su06/week1Readings/adrion.pdf},
}

@manual{e06,
Author = {William Oberkampf AND Timothy Trucano AND Charles Hirsch},
Title = {Verification, Validation, and Predictive Capability in Computatuinal Engineering and Physics},
Year = {2002},
Url = {http://citeseerx.ist.psu.edu/viewdoc/download?doi=10.1.1.106.3111&rep=rep1&type=pdf},
}

@manual{e07,
Author = {Firmino dos Santos Filho},
Title = {MÉTRICAS E QUALIDADE DE SOFTWARE},
Year = {2002},
Url = {http://www.angelfire.com/nt2/softwarequality/QualitySoftware.pdf},
}

@INPROCEEDINGS{e08,
author={A. P. Mathur},
booktitle={Computer Software and Applications Conference, 1991. COMPSAC '91., Proceedings of the Fifteenth Annual International},
title={Performance, effectiveness, and reliability issues in software testing},
year={1991},
pages={604-605},
keywords={program testing;software reliability;dataflow;effectiveness;mutation testing;performance;reliability issues;software testing;Fault detection;Genetic mutations;Parallel machines;Performance evaluation;Software design;Software engineering;Software measurement;Software quality;Software reliability;Software testing},
doi={10.1109/CMPSAC.1991.170248},
month={Sep},}


@ARTICLE {roadmap,
    author  = {Brian Fitzgerald AND Klaas-Jan Stol},
    title   = "Continuous software engineering: A roadmap and agenda",
    journal = "Journal of Systems and Software",
    year    = "2015"
}

@INBOOK {opensource,
    author    = {Amit Deshpande AND Dirk Riehle},
    title     = "Open Source Development, Communities and Quality",
    chapter   = "Continuous Integration in Open Source Software Development",
    publisher = "Springer US",
    year      = "2008"
}

@ARTICLE {practice,
    author  = {Daniel Ståhl  AND Jan Bosch},
    title   = "Modeling continuous integration practice differences in industry software development",
    journal = "Journal of Systems and Software",
    year    = "2014"
}

@ARTICLE{meyer,
author={M. Meyer},
journal={IEEE Software},
title={Continuous Integration and Its Tools},
year={2014},
doi={10.1109/MS.2014.58},
ISSN={0740-7459},
month={May},}

@ARTICLE{gregor,
author={Gregor Engels AND Jochen M. Kuster AND Reiko Heckel AND Marc Lohmann},
journal={FUNIGRA'03, Uniform Approaches to Graphical Process Specification Techniques (Satellite Event for ETAPS 2003)},
title={Model-Based Verication and Validation of Properties},
publisher = "Paderborn, Germany",
year={2003},
doi={10.1016/S1571-0661(04)80752-7},
month={Jun},}

@ARTICLE{lorea,
author={Lorea Belategi AND Goiuria Sagardui AND Leire Etxeberria AND Maider Azanza},
journal={Journal of Software: Evolution and Process},
title={Embedded software product lines: domain and application engineering model-based analysis processes},
year={2012},
doi={10.1002/smr.1568},
month={Sep},}